@article{Carruthers2014,
author = {Carruthers, Thomas R and Punt, Andr{\'{e}} E and Walters, Carl J and Maccall, Alec and Mcallister, Murdoch K and Dick, Edward J and Cope, Jason},
file = {:Users/mauriciomardones/Library/Application Support/Mendeley Desktop/Downloaded/Carruthers et al. - 2014 - Evaluating methods for setting catch limits in data-limited fisheries(2).pdf:pdf},
keywords = {Catch limits,Data-limited,Data-poor,Management strategy evaluation,Simulation evaluation,Stock assessment},
mendeley-groups = {Ref{\_}Clam{\_}MS},
pages = {48--68},
publisher = {Elsevier B.V.},
title = {{Evaluating methods for setting catch limits in data-limited fisheries}},
volume = {153},
year = {2014}
}
@article{Carruthers2016d,
abstract = {Management Strategy Evaluation for Data-Limited Fisheries},
author = {Carruthers, T. and Hordyk, A.},
doi = {10.1016/j.fishres.2013.12.014>},
file = {:Users/mauriciomardones/Library/Application Support/Mendeley Desktop/Downloaded/Carruthers, Hordyk - 2016 - Data-Limited Methods Toolkit (DLMtool)(3).pdf:pdf},
mendeley-groups = {Data Poor},
number = {November},
pages = {1--40},
title = {{Data-Limited Methods Toolkit (DLMtool)}},
url = {http://www.datalimitedtoolkit.org/},
year = {2016}
}
@misc{Carruthers2017,
author = {Carruthers, Tom},
file = {:Users/mauriciomardones/Library/Application Support/Mendeley Desktop/Downloaded/Carruthers - 2017 - Customizing DLMtool for Canadian Fisheries . Technical report for Fisheries and Oceans Canada.pdf:pdf},
mendeley-groups = {MSE DataPoor},
number = {May},
title = {{Customizing DLMtool for Canadian Fisheries . Technical report for Fisheries and Oceans Canada}},
year = {2017}
}

